@misc{Berlin,
    author ={Wikipedia},
    title ={Berlin},
    howpublished ={\url{http://de.wikipedia.org/wiki/Berlin}},
    note = {Whatever}
}
