@comment{bibtex stuff}

@misc{Berlin,
    author ={Wikipedia},
    title ={Berlin},
    howpublished ={\url{http://de.wikipedia.org/wiki/Berlin}},
    note = {Whatever}
}


@article{sparqlAlgebra,
  title={A relational algebra for SPARQL},
  author={Cyganiak, Richard},
  journal={Digital Media Systems Laboratory HP Laboratories Bristol. HPL-2005-170},
  pages={35},
  year={2005}
}


@inproceedings{coresparql,
  title={Optimization of SPARQL by using coreSPARQL.},
  author={Groppe, Jinghua and Groppe, Sven and Kolbaum, Jan},
  booktitle={ICEIS (1)},
  pages={107--112},
  year={2009},
  organization={Citeseer}
}

